
@misc{baker_2017, 
title={Design Transimpedance Amplifiers for Precision Opto-Sensing}, 
url={https://www.digikey.co.nz/en/articles/design-transimpedance-amplifiers-for-precision-opto-sensing}, 
journal={DigiKey}, 
publisher={DigiKey’s North American Editors}, 
author={Baker, Bonnie}, year={2017}, month={Jul} }

@book{black_brisebois_2014, 
title={Transimpedance Amplifiers for Wide Range Photodiodes Have Challenging Requirements}, url={https://www.analog.com/media/en/technical-documentation/technical-articles/S54_EN-Circuits.pdf}, author={Black, Brian and Brisebois, Glen}, 
year={2014}, 
month={Nov} }

@book{hashemi_2015, 
title={Transimpedance Amplifiers (TIA): Choosing the Best Amplifier for the Job}, 
url={https://www.tij.co.jp/jp/lit/an/snoa942a/snoa942a.pdf}, 
author={Hashemi, Hooman}, 
year={2015} }

@book{Texas_Instruments, 
title={Photodiode Amplifier Circuit Amplifiers Design Goals}, 
url={https://www.ti.com/lit/an/sboa220b/sboa220b.pdf}, 
author={TI} }

@misc{beaglebone®_black, 
url={https://www.beagleboard.org/boards/beaglebone-black}, 
journal={BeagleBoard}, 
author={BeagleBoard.org}}